

@article{divincenzo2000physical,
  title={The physical implementation of quantum computation},
  author={DiVincenzo, David P and others},
  journal={arXiv preprint quant-ph/0002077},
  year={2000}
}


@article{feynman1982simulating,
  title={Simulating physics with computers},
  author={Feynman, Richard P},
  journal={International journal of theoretical physics},
  volume={21},
  number={6},
  pages={467--488},
  year={1982},
  publisher={Springer}
}

@misc{nielsen2002quantum,
  title={Quantum computation and quantum information},
  author={Nielsen, Michael A and Chuang, Isaac},
  year={2002},
  publisher={AAPT}
}

@inproceedings{shor1994algorithms,
  title={Algorithms for quantum computation: Discrete logarithms and factoring},
  author={Shor, Peter W},
  booktitle={Foundations of Computer Science, 1994 Proceedings., 35th Annual Symposium on},
  pages={124--134},
  year={1994},
  organization={IEEE}
}


@inproceedings{grover1996fast,
  title={A fast quantum mechanical algorithm for database search},
  author={Grover, Lov K},
  booktitle={Proceedings of the twenty-eighth annual ACM symposium on Theory of computing},
  pages={212--219},
  year={1996},
  organization={ACM}
}


@inproceedings{bennett1984quantum,
  title={Quantum Cryptography: Public Key Distribution and Coin Tossing},
  author={Bennett, CH},
  booktitle={Proc. of IEEE Int. Conf. on Computers, Systems and Signal Processing, 1984},
  year={1984}
}


@article{haffner2008quantum,
  title={Quantum computing with trapped ions},
  author={H{\"a}ffner, Hartmut and Roos, Christian F and Blatt, Rainer},
  journal={Physics reports},
  volume={469},
  number={4},
  pages={155--203},
  year={2008},
  publisher={Elsevier}
}



@article{loss1998quantum,
  title={Quantum computation with quantum dots},
  author={Loss, Daniel and DiVincenzo, David P},
  journal={Physical Review A},
  volume={57},
  number={1},
  pages={120},
  year={1998},
  publisher={APS}
}

@article{gershenfeld1997bulk,
  title={Bulk spin-resonance quantum computation},
  author={Gershenfeld, Neil A and Chuang, Isaac L},
  journal={science},
  volume={275},
  number={5298},
  pages={350--356},
  year={1997},
  publisher={American Association for the Advancement of Science}
}

@article{devoret2013superconducting,
  title={Superconducting circuits for quantum information: an outlook},
  author={Devoret, Michel H and Schoelkopf, Robert J},
  journal={Science},
  volume={339},
  number={6124},
  pages={1169--1174},
  year={2013},
  publisher={American Association for the Advancement of Science}
}


@article{kok2007linear,
  title={Linear optical quantum computing with photonic qubits},
  author={Kok, Pieter and Munro, William J and Nemoto, Kae and Ralph, Timothy C and Dowling, Jonathan P and Milburn, Gerard J},
  journal={Reviews of Modern Physics},
  volume={79},
  number={1},
  pages={135},
  year={2007},
  publisher={APS}
}


@book{schuster2007circuit,
  title={Circuit quantum electrodynamics},
  author={Schuster, David Isaac},
  year={2007}
}

@article{koch2007charge,
  title={Charge-insensitive qubit design derived from the Cooper pair box},
  author={Koch, Jens and Terri, M Yu and Gambetta, Jay and Houck, Andrew A and Schuster, DI and Majer, J and Blais, Alexandre and Devoret, Michel H and Girvin, Steven M and Schoelkopf, Robert J},
  journal={Physical Review A},
  volume={76},
  number={4},
  pages={042319},
  year={2007},
  publisher={APS}
}


@article{grezes2016towards,
  title={Towards a spin-ensemble quantum memory for superconducting qubits},
  author={Gr{\`e}zes, C{\'e}cile and Kubo, Yuimaru and Julsgaard, Brian and Umeda, Takahide and Isoya, Junichi and Sumiya, Hitoshi and Abe, Hiroshi and Onoda, Shinobu and Ohshima, Takeshi and Nakamura, Kazuo and others},
  journal={Comptes Rendus Physique},
  volume={17},
  number={7},
  pages={693--704},
  year={2016},
  publisher={Elsevier}
}


@book{kelly2015fault,
  title={Fault-tolerant superconducting qubits},
  author={Kelly, Julian S},
  year={2015}
}


@book{krantz2010investigation,
  title={Investigation of transmon qubit designs: a study of plasma frequency predictability},
  author={Krantz, Philip},
  year={2010},
  publisher={Chalmers University of Technology}
}



@article{weber2016quantum,
  title={Quantum trajectories of superconducting qubits},
  author={Weber, Steven J and Murch, Kater W and Kimchi-Schwartz, Mollie E and Roch, Nicolas and Siddiqi, Irfan},
  journal={Comptes Rendus Physique},
  volume={17},
  number={7},
  pages={766--777},
  year={2016},
  publisher={Elsevier}
}


@article{tavis1968exact,
  title={Exact solution for an N-molecule-radiation-field Hamiltonian},
  author={Tavis, Michael and Cummings, Frederick W},
  journal={Physical Review},
  volume={170},
  number={2},
  pages={379},
  year={1968},
  publisher={APS}
}

@article{sarabi2017prospective,
  title={Prospective two orders of magnitude enhancement in direct magnetic coupling of a single-atom spin to a circuit resonator},
  author={Sarabi, Bahman and Huang, Peihao and Zimmerman, Neil M},
  journal={arXiv preprint arXiv:1702.02210},
  year={2017}
}

@article{Angerer2016,
   author = {Angerer, Andreas and Astner, Thomas and Wirtitsch, Daniel and Sumiya, Hitoshi and Onoda, Shinobu and Isoya, Junichi and Putz, Stefan and Majer, Johannes},
   title = {Collective strong coupling with homogeneous Rabi frequencies using a 3D lumped element microwave resonator},
   journal = {Applied Physics Letters},
   volume = {109},
   number = {3},
   pages = {033508},
   keywords = {cavity resonators,diamond,electron spin,finite element analysis,magnetic fields,microwave resonators,nitrogen,vacancies (crystal)},
   DOI = {10.1063/1.4959095},
   url = {http://aip.scitation.org/doi/abs/10.1063/1.4959095},
   year = {2016},
   type = {Journal Article}
}


@article{PhysRevA.95.022306,
  title = {Proposal for detecting a single electron spin in a microwave resonator},
  author = {Haikka, P. and Kubo, Y. and Bienfait, A. and Bertet, P. and M\o{}lmer, K.},
  journal = {Phys. Rev. A},
  volume = {95},
  issue = {2},
  pages = {022306},
  numpages = {10},
  year = {2017},
  month = {Feb},
  publisher = {American Physical Society},
  doi = {10.1103/PhysRevA.95.022306},
  url = {https://link.aps.org/doi/10.1103/PhysRevA.95.022306}
}



@article{kubo2010,
   author = {Kubo, Y. and Ong, F. R. and Bertet, P. and Vion, D. and Jacques, V. and Zheng, D. and Dréau, A. and Roch, J. F. and Auffeves, A. and Jelezko, F. and Wrachtrup, J. and Barthe, M. F. and Bergonzo, P. and Esteve, D.},
   title = {Strong Coupling of a Spin Ensemble to a Superconducting Resonator},
   journal = {Physical Review Letters},
   volume = {105},
   number = {14},
   pages = {140502},
   note = {PRL},
   url = {http://link.aps.org/doi/10.1103/PhysRevLett.105.140502},
   year = {2010},
   type = {Journal Article}
}

@article{Schuster2010,
   author = {Schuster, D. I. and Sears, A. P. and Ginossar, E. and DiCarlo, L. and Frunzio, L. and Morton, J. J. L. and Wu, H. and Briggs, G. A. D. and Buckley, B. B. and Awschalom, D. D. and Schoelkopf, R. J.},
   title = {High-Cooperativity Coupling of Electron-Spin Ensembles to Superconducting Cavities},
   journal = {Physical Review Letters},
   volume = {105},
   number = {14},
   pages = {140501},
   note = {PRL},
   url = {https://link.aps.org/doi/10.1103/PhysRevLett.105.140501},
   year = {2010},
   type = {Journal Article}
}



@article{Mark2013,
   author = {Mark, Jenkins and Thomas, Hümmer and María José, Martínez-Pérez and Juanjo, García-Ripoll and David, Zueco and Fernando, Luis},
   title = {Coupling single-molecule magnets to quantum circuits},
   journal = {New Journal of Physics},
   volume = {15},
   number = {9},
   pages = {095007},
   ISSN = {1367-2630},
   url = {http://stacks.iop.org/1367-2630/15/i=9/a=095007},
   year = {2013},
   type = {Journal Article}
}






@article{Tosi2014,
   author = {Tosi, Guilherme and Mohiyaddin, Fahd A. and Huebl, Hans and Morello, Andrea},
   title = {Circuit-quantum electrodynamics with direct magnetic coupling to single-atom spin qubits in isotopically enriched 28Si},
   journal = {AIP Advances},
   volume = {4},
   number = {8},
   pages = {087122},
   keywords = {superconducting resonators
nanofabrication
silicon
quantum electrodynamics},
   DOI = {doi:http://dx.doi.org/10.1063/1.4893242},
   url = {http://scitation.aip.org/content/aip/journal/adva/4/8/10.1063/1.4893242},
   year = {2014},
   type = {Journal Article}
}



@article{Bienfait2016,
   author = {BienfaitA and Pla, J. J. and KuboY and SternM and ZhouX and Lo, C. C. and Weis, C. D. and SchenkelT and Thewalt, M. L. W. and VionD and EsteveD and JulsgaardB and MlmerK and Morton, J. J. L. and BertetP},
   title = {Reaching the quantum limit of sensitivity in electron spin resonance},
   journal = {Nat Nano},
   volume = {11},
   number = {3},
   pages = {253-257},
   ISSN = {1748-3387},
   DOI = {10.1038/nnano.2015.282
http://www.nature.com/nnano/journal/v11/n3/abs/nnano.2015.282.html#supplementary-information},
   url = {http://dx.doi.org/10.1038/nnano.2015.282},
   year = {2016},
   type = {Journal Article}
}



@article{Khalil2012,
   author = {Khalil, M. S. and Stoutimore, M. J. A. and Wellstood, F. C. and Osborn, K. D.},
   title = {An analysis method for asymmetric resonator transmission applied to superconducting devices},
   journal = {Journal of Applied Physics},
   volume = {111},
   number = {5},
   pages = {054510},
   DOI = {10.1063/1.3692073},
   url = {http://aip.scitation.org/doi/abs/10.1063/1.3692073},
   year = {2012},
   type = {Journal Article}
}

@article{Megrant2012,
   author = {Megrant, A. and Neill, C. and Barends, R. and Chiaro, B. and Chen, Yu and Feigl, L. and Kelly, J. and Lucero, Erik and Mariantoni, Matteo and O鈥橫alley, P. J. J. and Sank, D. and Vainsencher, A. and Wenner, J. and White, T. C. and Yin, Y. and Zhao, J. and Palmstr酶m, C. J. and Martinis, John M. and Cleland, A. N.},
   title = {Planar superconducting resonators with internal quality factors above one million},
   journal = {Applied Physics Letters},
   volume = {100},
   number = {11},
   pages = {113510},
   keywords = {superconducting resonators
Q-factor
microwave resonators
metallisation
microwave measurement
coplanar waveguide components},
   DOI = {doi:http://dx.doi.org/10.1063/1.3693409},
   url = {http://scitation.aip.org/content/aip/journal/apl/100/11/10.1063/1.3693409},
   year = {2012},
   type = {Journal Article}
}




@article{Bruno2015,
   author = {Bruno, A. and Lange, G. de and Asaad, S. and Enden, K. L. van der and Langford, N. K. and DiCarlo, L.},
   title = {Reducing intrinsic loss in superconducting resonators by surface treatment and deep etching of silicon substrates},
   journal = {Applied Physics Letters},
   volume = {106},
   number = {18},
   pages = {182601},
   keywords = {niobium compounds,Q-factor,sputter etching,superconducting materials,superconducting microwave devices,superconducting resonators,titanium compounds},
   DOI = {10.1063/1.4919761},
   url = {http://aip.scitation.org/doi/abs/10.1063/1.4919761},
   year = {2015},
   type = {Journal Article}
}





